@article{ganushchak2009speaking,
  title={Speaking one's second language under time pressure: An ERP study on
    verbal self-monitoring in German--Dutch bilinguals},
  author={Ganushchak, Lesya Y and Schiller, Niels O},
  journal={Psychophysiology},
  volume={46},
  number={2},
  pages={410--419},
  year={2009},
  publisher={Wiley Online Library}
}


