@article{Kopf2011,
  author  = {Johannes Kopf and Dani Lischinski},
  title   = {Depixelizing Pixel Art},
  journal = {ACM Transactions on Graphics (Proceedings of SIGGRAPH
      2011)},
  year    = {2011},
  volume  = {30},
  number  = {4},
  pages   = {99:1 -- 99:8}
}

@incollection{aldouri2011empirical,
  year={2011},
  isbn={978-3-642-25190-0},
  booktitle={Visual Informatics: Sustaining Research and Innovations},
  volume={7066},
  series={Lecture Notes in Computer Science},
  editor={Badioze Zaman, Halimah and Robinson, Peter and Petrou, Maria and
    Olivier, Patrick and Shih, TimothyK. and Velastin, Sergio and Nystrom,
    Ingela},
  doi={10.1007/978-3-642-25191-7_17},
  title={Empirical Performance Evaluation of Raster to Vector Conversion with
    Different Scanning Resolutions},
  url={http://dx.doi.org/10.1007/978-3-642-25191-7_17},
  publisher={Springer Berlin Heidelberg},
  keywords={Empirical Performance Evaluation; Raster to Vector Conversion;
    Vector Recovery Index; Statistical Analysis; Visual Informatics},
  author={Al-Douri, Bilal, Abdulrahman T. and Al-Khaffaf, Hasan S.M. and Talib,
    Abdullah Zawawi},
  pages={176-182}
}

@article{svaetichin1956spectral,
  title={Spectral response curves from single cones.},
  author={Svaetichin, Gunnar},
  journal={Acta physiologica Scandinavica. Supplementum},
  volume={39},
  number={134},
  pages={17},
  year={1956}
}

@article{young1802bakerian,
  title={The Bakerian lecture: On the theory of light and colours},
  author={Young, Thomas},
  journal={Philosophical transactions of the Royal Society of London},
  volume={92},
  pages={12--48},
  year={1802},
  publisher={JSTOR}
}

@article{keys1981cubic,
  title={Cubic convolution interpolation for digital image processing},
  author={Keys, Robert},
  journal={Acoustics, Speech and Signal Processing, IEEE Transactions on},
  volume={29},
  number={6},
  pages={1153--1160},
  year={1981},
  publisher={IEEE}
}

@article{duchon1979lanczos,
  title={Lanczos filtering in one and two dimensions},
  author={Duchon, Claude E},
  journal={Journal of Applied Meteorology},
  volume={18},
  number={8},
  pages={1016--1022},
  year={1979}
}

@incollection{graphicsGems,
author = {Ken Turkowski},
title = {Filter for Common Resampling Tasks},
booktitle = {Graphics Gems},
editor = {Andrew S. Glassner},
publisher = {Academic Press},
year = {1990},
pages = {147--165}
}

@article{meijering2002chronology,
  title={A chronology of interpolation: from ancient astronomy to modern signal and image processing},
  author={Meijering, Erik},
  journal={Proceedings of the IEEE},
  volume={90},
  number={3},
  pages={319--342},
  year={2002},
  publisher={IEEE}
}

@misc{FrenchDip,
	title={{File:French-dip-sandwich.png}},
	url={{https://commons.wikimedia.org/wiki/File:French-dip-sandwich.png}},
	note={{Image, Accessed on 4 October 2013}}
}

@misc{BloodDrop,
	title={{Students for Blood Donation company in South Korea}},
	note={{Image, Accessed on 4 October 2013}},
	url={{http://designyoutrust.com/worldnonstop/students-for-blood-donation-company-in-south-korea/}}
}

@misc{Pikachu,
	title={{File:Spr 5b 025 m s.png}},
	url={{http://bulbapedia.bulbagarden.net/wiki/File:Spr_5b_025_m_s.png}},
	note={{Image, Accessed on 4 October 2013}},
}

@misc{Cats,
	url={{https://commons.wikimedia.org/wiki/File:Dithering_example_undithered.png}},
	title={{File:Dithering example undithered.png}},
	note={{Image, Accessed on 5 October 2013}}
}

@misc{Calculator,
	title={{File:TI-81 Calculator on Graph Screen.jpg}},
	url={{https://commons.wikimedia.org/wiki/File:TI-81_Calculator_on_Graph_Screen.jpg?uselang=en-gb}},
	note={{Image, Accessed on 5 October 2013}}
}

@misc{BonesOne,
	title={{File:BoneScanOfAHand256x256x8Bits.png}},
	url={{https://commons.wikimedia.org/wiki/File:BoneScanOfAHand256x256x8Bits.png?uselang=en-gb}},
	note={{Image, Accessed on 4 October 2013}},
}

@misc{BonesTwo,
	title={{File:BoneScanOfAHand32x32x8Bits.png}},
	url={{https://commons.wikimedia.org/wiki/File:BoneScanOfAHand32x32x8Bits.png}},
	note={{Image, Accessed on 4 October 2013}},
}}

@misc{AdditiveColour,
	title={{File:AdditiveColor.svg}},
	url={{https://commons.wikimedia.org/wiki/File:AdditiveColor.svg?uselang=en-gb}},
	note={{Image, Accessed on 5 October 2013}},
}

@misc{SubtractiveColour,
	url={{https://commons.wikimedia.org/wiki/File:SubtractiveColor.svg}},
	title={{File:SubtractiveColor.svg}},
	note={{Image, Accessed on 5 October 2013}}
}

@misc{Boston,
	url={{https://commons.wikimedia.org/wiki/File:First_lithographic_print_in_the_primary_triad_of_colors_by_Boston_Public_Library.jpg}},
	title={{File:First lithographic print in the primary triad of colors by Boston Public Library.jpg}},
	note={{Image, Accessed on 6 October 2013}}
}
